2163 3345
518 528 820 588 INDEX
884 528 1008 589 TO

176 717 274 759 Aeli
293 726 467 767 vetusto,
492 732 528 771 3,
555 730 615 772 17.

177 782 369 833 Aequam
391 789 616 830 memento,
641 796 676 830 2,
700 795 735 834 3.
792 788 793 791 ’

178 844 287 892 Albi,
311 859 362 883 ne
388 846 543 892 doleas,
573 857 604 892 1,
628 857 690 896 33.

179 908 320 946 Altera
343 909 423 947 iam
446 910 604 955 teritur,
630 910 757 960 Epoa'.
788 910 845 948 16.

178 972 412 1021 Angustam
434 973 566 1010 amice
592 972 847 1023 pauperiem,
865 982 902 1022 3,
921 983 955 1011 2.

180 1035 246 1080 At,
268 1039 292 1072 o
313 1035 501 1082 deorum,
526 1036 657 1085 Epod.
682 1046 716 1086 5.

176 1097 400 1145 Audivere,
424 1099 548 1148 Lyce,
569 1111 608 1148 4,
637 1110 648 1137 ῑ
659 1110 694 1149 3.

178 1201 387 1263 Bacchum
407 1223 451 1263 in
472 1226 652 1272 remotis,
678 1237 713 1272 2,
742 1237 799 1275 19.
936 1264 940 1267 ,

177 1287 330 1344 Beatus
350 1287 434 1335 ille,
454 1289 525 1339 qui
546 1289 704 1339 procul,
728 1290 859 1339 Epocl.
883 1301 917 1327 2.

175 1412 301 1451 Caelo
322 1403 508 1465 supinas,
526 1425 562 1464 3,
590 1425 664 1467 23.>
727 1462 730 1469 ,

134 1508 142 1516 ,
175 1475 302 1514 Caelo
323 1482 552 1523 tonantem,
568 1489 612 1529 3,
629 1488 674 1529 5.

176 1538 278 1576 Cum
300 1536 356 1585 tu,
379 1539 522 1590 Lydia,
544 1532 795 1591 Telephi‚‡1,
824 1552 882 1591 13.

176 1602 255 1639 Cur
275 1615 340 1639 me
362 1602 567 1654 querellis,
589 1615 624 1650 2,
653 1613 713 1654 17.

177 1727 339 1766 Delicta
360 1729 576 1776 maiorum,
606 1740 642 1779 3,
665 1729 701 1768 6.
724 1726 727 1729 ’

176 1791 397 1829 Descende
420 1792 549 1838 caelo,
573 1803 609 1842 3,
632 1804 670 1840 4.

176 1854 357 1892 Dianam
377 1859 544 1893 tenerae
564 1852 767 1902 'dicite','1,
788 1846 853 1896 ¹23.

176 1916 537 1967 D‘iffugere‘ni'ves,
558 1930 597 1966 4,
621 1929 655 1969 7.

176 1979 297 2026 Dive,
315 1992 436 2031 quem
458 1981 596 2032 prol'es
617 1981 794 2028 Niobea,
815 1993 854 2031 4,
869 1982 906 2020 62
967 1987 970 1990 “
997 1986 1000 1990 ’

176 2042 302 2080 Divis·
315 2049 402 2081 orte
425 2043 558 2090 bonis,
579 2056 618 2092 4,
634 2050 676 2096 ²5.

175 2105 387 2153 Donarem
408 2112 584 2157 pateraS‚
605 2106 703 2155 4,=8.

176 2168 484 2219 Donec-gratus
505 2182 618 2209 eram
639 2170 727 2217 tibi,
749 2181 785 2221 3,
807 2182 845 2221 9.

175 2293 295 2334 Eheu
316 2295 495 2346 fugaces,
519 2306 555 2344 2,
582 2307 642 2345 14.

174 2357 248 2397 Est
269 2358 370 2396 mihi
392 2372 549 2398 nonum
570 2361 815 2412 superantis,
837 2375 877 2412 4,
899 2374 960 2403 11.

175 2420 228 2459 Et
249 2426 338 2460 ture
362 2428 402 2460 et
426 2422 574 2461 fidibus
596 2423 720 2471 iuvat,
749 2436 780 2472 1,
805 2426 867 2476 36.

176 2484 303 2535 Exegi
326 2492 653 2533 monumentum,
678 2499 714 2538 3,
733 2499 796 2539 30.

175 2547 412 2587 Extremem
432 2549 593 2588 Tanain
611 2550 644 2588 si
667 2551 842 2602 biberes,
864 2565 901 2606 3,
927 2566 988 2596 10.

174 2673 315 2714 Faune
336 2676 638 2730 Nympharum,
662 2692 698 2732 3,
725 2681 785 2722 18.

174 2736 297 2777 Festo
318 2740 417 2790 quid
439 2742 579 2792 potius
602 2744 681 2790 die,
700 2756 735 2795 3,
759 2745 822 2785 28.

175 2864 370 2906 Herculis
391 2868 472 2907 ritu
493 2869 620 2908 modo
641 2869 788 2919 dictus,
811 2883 846 2922 3,
874 2883 933 2923 14.

175 2927 362 2968 Horrida
383 2936 621 2982 tempestas,
643 2934 770 2984 Epod.
788 2944 855 2988 ⁸13.

1073 529 1341 590 FIRST
1407 531 1680 590 LINES

1124 722 1213 760 Iam
1235 722 1316 760 iam
1339 721 1505 768 efficaci,
1528 723 1657 774 Epod.
1685 733 1742 774 17.

1125 785 1212 822 Iam
1236 797 1368 836 pauca
1391 793 1539 831 aratro,
1562 796 1598 832 2,
1627 796 1684 838 15.

1124 847 1212 885 Iam
1234 847 1331 885 satis
1353 848 1480 893 terris,
1509 858 1540 894 1,
1560 859 1594 887 2.

1123 910 1212 948 Iam
1232 910 1336 947 veris
1359 911 1541 957 comites,
1562 924 1600 960 4,
1628 923 1685 951 12.

1124 973 1207 1011 Ibis
1217 973 1388 1011 liburnis
1401 972 1508 1011 inter
1520 974 1622 1013 alter
1640 976 1820 1023 navium,
1841 977 1964 1028 Epod.
1983 988 2014 1018 1.

1123 1036 1220 1082 Icci,
1242 1036 1375 1074 beatis
1397 1049 1507 1074 nunc
1530 1039 1728 1085 Arabum,
1756 1051 1788 1085 1,
1812 1051 1873 1088 29.

1123 1099 1198 1137 Ille
1221 1106 1259 1137 et
1277 1098 1438 1137 nefasto
1460 1106 1499 1138 te
1522 1102 1657 1152 posuit
1679 1103 1759 1149 die,
1782 1114 1818 1150 2,
1845 1115 1904 1154 13.

1122 1164 1278 1215 Impios
1304 1178 1448 1216 parrae
1471 1166 1704 1213 recinentis,
1727 1177 1764 1217 3,
1788 1177 1852 1218 27.

1124 1227 1332 1270 Inclusam
1354 1228 1546 1275 Danaen,
1569 1239 1606 1279 3,
1627 1230 1686 1269 16.

1123 1291 1293 1329 Intactis
1315 1291 1594 1342 oppulentior,
1617 1303 1653 1342 3,
1676 1304 1740 1343 24.

1123 1354 1288 1404 Integer
1309 1354 1433 1400 vitae,
1460 1365 1493 1399 1,
1514 1365 1579 1394 22.

1123 1418 1373 1463 Intermissa,
1395 1418 1550 1464 Venus,
1576 1418 1658 1466 diu,
1679 1431 1719 1468 4,
1744 1430 1776 1458 1.

1121 1480 1278 1518 Iustum
1302 1486 1340 1517 et
1362 1486 1567 1528 tenacem,
1590 1492 1627 1531 3,
1649 1493 1685 1532 3.

1122 1607 1372 1645 Laudabunt
1395 1607 1463 1645 alii
1487 1607 1638 1646 claram
1657 1607 1853 1657 Rhodon,
1879 1619 1912 1657 1,
1938 1620 1972 1662 7.

1121 1670 1249 1720 Lupis
1271 1676 1310 1707 et
1334 1670 1464 1719 agnis,
1488 1671 1616 1722 Epod.
1637 1683 1674 1720 4.

1121 1732 1265 1782 Lydia,
1289 1732 1370 1779 dic,
1390 1746 1464 1784 per
1486 1745 1642 1781 omnes,
1669 1745 1702 1782 1,
1724 1734 1762 1775 8.

1118 2174 1310 2221 Mercuri,
1335 2188 1431 2213 nam
1454 2180 1493 2213 te
1516 2175 1672 2222 docilis,
1696 2188 1732 2225 3,
1760 2187 1816 2216 11.
1858 2178 1861 2180 ’

1048 2250 1050 2253 ’
1118 2239 1361 2278 Miserarum
1385 2246 1444 2278 est
1467 2252 1604 2291 neque
1626 2241 1768 2286 amori,
1792 2251 1829 2291 3,
1846 2250 1922 2282 ··Ι2.
1987 2252 1989 2254 ·

1118 2301 1257 2340 Mollis
1278 2302 1427 2341 inertia
1451 2315 1534 2349 cur,
1560 2303 1685 2353 Epod.
1714 2314 1774 2350 14.

1117 2365 1325 2403 Montium
1348 2371 1500 2412 custos,
1522 2376 1559 2415 3,
1583 2376 1645 2405 22.

1117 2428 1280 2467 Motum
1303 2442 1351 2466 ex
1378 2428 1564 2475 Metello,
1588 2440 1623 2475 2,
1650 2440 1681 2468 1.

1117 2491 1247 2530 Musis
1269 2492 1425 2530 amicus
1445 2491 1663 2539 tristitiam,
1689 2503 1722 2540 1,
1745 2493 1809 2532 26.

1114 2620 1235 2660 Natis
1256 2620 1297 2658 in
1319 2634 1437 2659 usum
1462 2619 1660 2667 laetitiae,
1688 2631 1720 2667 Ι,
1743 2630 1809 2672 27.

1114 2685 1180 2723 Ne
1201 2684 1305 2722 forte
1327 2685 1482 2731 credas,
1505 2697 1543 2733 4,
1565 2695 1603 2733 9.

1113 2747 1179 2786 Ne
1199 2747 1249 2785 sit
1270 2747 1445 2785 ancillae
1467 2748 1539 2786 tibi
1561 2761 1688 2793 amor,
1713 2757 1749 2793 2,
1768 2758 1807 2795 4.

1113 2809 1231 2849 Nolis
1252 2809 1377 2859 longa
1399 2810 1507 2848 ferae
1531 2811 1651 2856 bella,
1676 2821 1712 2856 2,
1739 2820 1800 2848 12.

1112 2873 1313 2912 Nondum
1334 2872 1504 2911 subacta
1526 2873 1643 2919 ferre,
1667 2884 1702 2919 2,
1726 2883 1762 2925 5.

1112 2935 1210 2975 Non
1233 2933 1333 2973 ebur
1354 2947 1489 2986 neque
1512 2948 1695 2982 aureum,
1719 2946 1755 2982 2,
1783 2933 1844 2975 18.

1050 3001 1136 3074 464
